
@Article{	  andersson_cr2_1994,
  author	= {Andersson, K and Roos, B O and Malmqvist, P -\AA. and
		  Widmark, P -O.},
  doi		= {10.1016/0009-2614(94)01183-4},
  issn		= {0009-2614},
  journal	= {Chem. Phys. Lett.},
  month		= dec,
  number	= {4–5},
  pages		= {391--397},
  title		= {{The \{Cr\}2 potential energy curve studied with
		  multiconfigurational second-order perturbation theory}},
  url		= {http://www.sciencedirect.com/science/article/pii/
		  0009261494011834},
  volume	= {230},
  year		= {1994}
}

@Article{	  andersson_excitation_1992,
  author	= {Andersson, Kerstin and Roos, Bj\"{o}rn O},
  doi		= {10.1016/0009-2614(92)85581-T},
  issn		= {0009-2614},
  journal	= {Chem. Phys. Lett.},
  month		= apr,
  number	= {6},
  pages		= {507--514},
  title		= {{Excitation energies in the nickel atom studied with the
		  complete active space \{SCF\} method and second-order
		  perturbation theory}},
  url		= {http://www.sciencedirect.com/science/article/pii/
		  000926149285581T},
  volume	= {191},
  year		= {1992}
}

@Article{	  andersson_second-order_1990,
  author	= {Andersson, Kerstin. and Malmqvist, Per Aake. and Roos,
		  Bjoern O and Sadlej, Andrzej J and Wolinski, Krzysztof.},
  doi		= {10.1021/j100377a012},
  issn		= {0022-3654},
  journal	= {J. Phys. Chem.},
  month		= jul,
  number	= {14},
  pages		= {5483--5488},
  title		= {{Second-order perturbation theory with a \{CASSCF\}
		  reference function}},
  url		= {http://dx.doi.org/10.1021/j100377a012},
  volume	= {94},
  year		= {1990}
}

@Article{	  angeli_introduction_2001,
  author	= {Angeli, C and Cimiraglia, R and Evangelisti, S and
		  Leininger, T and Malrieu, J.-P.},
  doi		= {10.1063/1.1361246},
  issn		= {0021-9606, 1089-7690},
  journal	= {J. Chem. Phys.},
  month		= jun,
  number	= {23},
  pages		= {10252--10264},
  title		= {{Introduction of n-electron valence states for
		  multireference perturbation theory}},
  url		= {http://scitation.aip.org/content/aip/journal/jcp/114/23/
		  10.1063/1.1361246},
  volume	= {114},
  year		= {2001}
}

@Article{	  angeli_third-order_2006,
  author	= {Angeli, Celestino and Bories, Beno\^{\i}t and Cavallini,
		  Alex and Cimiraglia, Renzo},
  doi		= {10.1063/1.2148946},
  issn		= {0021-9606, 1089-7690},
  journal	= {J. Chem. Phys.},
  month		= feb,
  number	= {5},
  pages		= {54108},
  title		= {{Third-order multireference perturbation theory: \{The\}
		  n-electron valence state perturbation-theory approach}},
  url		= {http://scitation.aip.org/content/aip/journal/jcp/124/5/
		  10.1063/1.2148946},
  volume	= {124},
  year		= {2006}
}

@Article{	  angeli_n-electron_2001,
  author	= {Angeli, Celestino and Cimiraglia, Renzo and Malrieu,
		  Jean-Paul},
  doi		= {10.1016/S0009-2614(01)01303-3},
  issn		= {0009-2614},
  journal	= {Chem. Phys. Lett.},
  month		= dec,
  number	= {3–4},
  pages		= {297--305},
  title		= {{N-electron valence state perturbation theory: a fast
		  implementation of the strongly contracted variant}},
  url		= {http://www.sciencedirect.com/science/article/pii/
		  S0009261401013033},
  volume	= {350},
  year		= {2001}
}

@Article{	  angeli_n-electron_2002,
  author	= {Angeli, Celestino and Cimiraglia, Renzo and Malrieu,
		  Jean-Paul},
  doi		= {10.1063/1.1515317},
  issn		= {0021-9606, 1089-7690},
  journal	= {J. Chem. Phys.},
  month		= nov,
  number	= {20},
  pages		= {9138--9153},
  title		= {{n-electron valence state perturbation theory: \{A\}
		  spinless formulation and an efficient implementation of the
		  strongly contracted and of the partially contracted
		  variants}},
  url		= {http://scitation.aip.org/content/aip/journal/jcp/117/20/
		  10.1063/1.1515317},
  volume	= {117},
  year		= {2002}
}

@Article{	  beljonne_theoretical_1995,
  author	= {Beljonne, D and Shuai, Z and Friend, R H and Br\'{e}das, J
		  L},
  doi		= {10.1063/1.468726},
  issn		= {0021-9606, 1089-7690},
  journal	= {J. Chem. Phys.},
  month		= feb,
  number	= {5},
  pages		= {2042--2049},
  title		= {{Theoretical investigation of the lowest singlet and
		  triplet states in poly(paraphenylene vinylene)oligomers}},
  url		= {http://scitation.aip.org/content/aip/journal/jcp/102/5/
		  10.1063/1.468726},
  volume	= {102},
  year		= {1995}
}

@Article{	  bondybey_electronic_1983,
  author	= {Bondybey, V E and English, J H},
  doi		= {10.1016/0009-2614(83)85029-5},
  issn		= {0009-2614},
  journal	= {Chem. Phys. Lett.},
  month		= feb,
  number	= {5},
  pages		= {443--447},
  title		= {{Electronic structure and vibrational frequency of
		  \{Cr\}2}},
  url		= {http://www.sciencedirect.com/science/article/pii/
		  0009261483850295},
  volume	= {94},
  year		= {1983}
}

@Article{	  buenker_individualized_1974,
  author	= {Buenker, Robert J and Peyerimhoff, Sigrid D},
  doi		= {10.1007/BF02394557},
  issn		= {0040-5744, 1432-2234},
  journal	= {Theor. Chim. Acta},
  month		= aug,
  number	= {1},
  pages		= {33--58},
  title		= {{Individualized configuration selection in \{CI\}
		  calculations with subsequent energy extrapolation}},
  url		= {http://link.springer.com/article/10.1007/BF02394557},
  volume	= {35},
  year		= {1974}
}

@Article{	  burroughes_light-emitting_1990,
  author	= {Burroughes, J H and Bradley, D D C and Brown, A R and
		  Marks, R N and Mackay, K and Friend, R H and Burns, P L and
		  Holmes, A B},
  doi		= {10.1038/347539a0},
  journal	= {Nature},
  month		= oct,
  number	= {6293},
  pages		= {539--541},
  title		= {{Light-emitting diodes based on conjugated polymers}},
  url		= {http://www.nature.com/nature/journal/v347/n6293/abs/
		  347539a0.html},
  volume	= {347},
  year		= {1990}
}

@Article{	  bursill_symmetry-adapted_2009,
  author	= {Bursill, Robert J and Barford, William},
  doi		= {10.1063/1.3149536},
  issn		= {0021-9606, 1089-7690},
  journal	= {J. Chem. Phys.},
  month		= jun,
  number	= {23},
  pages		= {234302},
  title		= {{Symmetry-adapted density matrix renormalization group
		  calculations of the primary excited states of
		  poly(para-phenylene vinylene)}},
  url		= {http://scitation.aip.org/content/aip/journal/jcp/130/23/
		  10.1063/1.3149536},
  volume	= {130},
  year		= {2009}
}

@Article{	  casey_negative_1993,
  author	= {Casey, Sean M and Leopold, Doreen G},
  doi		= {10.1021/j100106a005},
  issn		= {0022-3654},
  journal	= {J. Phys. Chem.},
  month		= jan,
  number	= {4},
  pages		= {816--830},
  title		= {{Negative ion photoelectron spectroscopy of chromium
		  dimer}},
  url		= {http://dx.doi.org/10.1021/j100106a005},
  volume	= {97},
  year		= {1993}
}

@article{  celani_cipt2_2004,
author = { P.   Celani  and  H.   Stoll  and  H.-J.   Werner  and  P.J.   Knowles  },
title = {The CIPT2 method: Coupling of multi-reference configuration interaction and multi-reference perturbation theory. Application to the chromium dimer},
journal = {Molecular Physics},
volume = {102},
number = {21-22},
pages = {2369-2379},
year = {2004},
doi = {10.1080/00268970412331317788},

URL = { 
        http://dx.doi.org/10.1080/00268970412331317788
    
},

}

@Article{	  chan_highly_2002,
  author	= {Chan, Garnet Kin-Lic and Head-Gordon, Martin},
  doi		= {10.1063/1.1449459},
  issn		= {0021-9606, 1089-7690},
  journal	= {J. Chem. Phys.},
  month		= mar,
  number	= {11},
  pages		= {4462--4476},
  title		= {{Highly correlated calculations with a polynomial cost
		  algorithm: \{A\} study of the density matrix
		  renormalization group}},
  url		= {http://scitation.aip.org/content/aip/journal/jcp/116/11/
		  10.1063/1.1449459},
  volume	= {116},
  year		= {2002}
}

@Article{	  chan_density_2011,
  author	= {Chan, Garnet Kin-Lic and Sharma, Sandeep},
  doi		= {10.1146/annurev-physchem-032210-103338},
  journal	= {Annu. Rev. Phys. Chem.},
  number	= {1},
  pages		= {465--481},
  title		= {{The \{Density\} \{Matrix\} \{Renormalization\} \{Group\}
		  in \{Quantum\} \{Chemistry\}}},
  url		= {http://dx.doi.org/10.1146/annurev-physchem-032210-103338},
  volume	= {62},
  year		= {2011}
}

@Article{	  dyall_choice_1995,
  author	= {Dyall, Kenneth G},
  doi		= {10.1063/1.469539},
  issn		= {0021-9606, 1089-7690},
  journal	= {J. Chem. Phys.},
  month		= mar,
  number	= {12},
  pages		= {4909--4918},
  title		= {{The choice of a zeroth‐order \{Hamiltonian\} for
		  second‐order perturbation theory with a complete active
		  space self‐consistent‐field reference function}},
  url		= {http://scitation.aip.org/content/aip/journal/jcp/102/12/
		  10.1063/1.469539},
  volume	= {102},
  year		= {1995}
}

@Article{	  friend_electroluminescence_1999,
  author	= {Friend, R H and Gymer, R W and Holmes, A B and Burroughes,
		  J H and Marks, R N and Taliani, C and Bradley, D D C and
		  Santos, D A Dos and Br\'{e}das, J L and L\"{o}gdlund, M and
		  Salaneck, W R},
  doi		= {10.1038/16393},
  issn		= {0028-0836},
  journal	= {Nature},
  month		= jan,
  number	= {6715},
  pages		= {121--128},
  title		= {{Electroluminescence in conjugated polymers}},
  url		= {http://www.nature.com/nature/journal/v397/n6715/full/
		  397121a0.html},
  volume	= {397},
  year		= {1999}
}

@Article{	  ghosh_orbital_2008,
  author	= {Ghosh, Debashree and Hachmann, Johannes and Yanai, Takeshi
		  and Chan, Garnet Kin-Lic},
  doi		= {10.1063/1.2883976},
  issn		= {0021-9606, 1089-7690},
  journal	= {J. Chem. Phys.},
  month		= apr,
  number	= {14},
  pages		= {144117},
  title		= {{Orbital optimization in the density matrix
		  renormalization group, with applications to polyenes and
		  $\beta$-carotene}},
  url		= {http://scitation.aip.org/content/aip/journal/jcp/128/14/
		  10.1063/1.2883976},
  volume	= {128},
  year		= {2008}
}

@Article{	  gierschner_fluorescence_2002,
  author	= {Gierschner, Johannes and Mack, Hans-Georg and L\"{u}er,
		  Larry and Oelkrug, Dieter},
  doi		= {10.1063/1.1469612},
  issn		= {0021-9606, 1089-7690},
  journal	= {J. Chem. Phys.},
  month		= may,
  number	= {19},
  pages		= {8596--8609},
  title		= {{Fluorescence and absorption spectra of
		  oligophenylenevinylenes: \{Vibronic\} coupling, band
		  shapes, and solvatochromism}},
  url		= {http://scitation.aip.org/content/aip/journal/jcp/116/19/
		  10.1063/1.1469612},
  volume	= {116},
  year		= {2002}
}

@Article{	  han_time-dependent_2004,
  author	= {Han, Young-Kyu and Lee, Sang Uck},
  doi		= {10.1063/1.1737297},
  issn		= {0021-9606, 1089-7690},
  journal	= {J. Chem. Phys.},
  month		= jul,
  number	= {1},
  pages		= {609--611},
  title		= {{Time-dependent density-functional calculations of
		  \{S\}0–\{S\}1 transition energies of poly(p-phenylene
		  vinylene)}},
  url		= {http://scitation.aip.org/content/aip/journal/jcp/121/1/
		  10.1063/1.1737297},
  volume	= {121},
  year		= {2004}
}

@Article{	  hu_excited-state_2015,
  author	= {Hu, Weifeng and Chan, Garnet Kin-Lic},
  doi		= {10.1021/acs.jctc.5b00174},
  issn		= {1549-9618},
  journal	= {J. Chem. Theory Comput.},
  month		= jul,
  number	= {7},
  pages		= {3000--3009},
  title		= {{Excited-\{State\} \{Geometry\} \{Optimization\} with the
		  \{Density\} \{Matrix\} \{Renormalization\} \{Group\}, as
		  \{Applied\} to \{Polyenes\}}},
  url		= {http://dx.doi.org/10.1021/acs.jctc.5b00174},
  volume	= {11},
  year		= {2015}
}

@Article{	  kurashige_multireference_2014,
  author	= {Kurashige, Yuki},
  doi		= {10.1080/00268976.2013.843730},
  issn		= {0026-8976},
  journal	= {Mol. Phys.},
  month		= jun,
  number	= {11},
  pages		= {1485--1494},
  title		= {{Multireference electron correlation methods with density
		  matrix renormalisation group reference functions}},
  url		= {http://dx.doi.org/10.1080/00268976.2013.843730},
  volume	= {112},
  year		= {2014}
}

@Article{	  kurashige_entangled_2013,
  author	= {Kurashige, Yuki and Chan, Garnet Kin-Lic and Yanai,
		  Takeshi},
  doi		= {10.1038/nchem.1677},
  issn		= {1755-4330},
  journal	= {Nat. Chem.},
  month		= aug,
  number	= {8},
  pages		= {660--666},
  title		= {{Entangled quantum electronic wavefunctions of the
		  \{Mn\}4CaO5 cluster in photosystem \{II\}}},
  url		= {http://www.nature.com/nchem/journal/v5/n8/full/
		  nchem.1677.html},
  volume	= {5},
  year		= {2013}
}

@Article{	  kurashige_high-performance_2009,
  author	= {Kurashige, Yuki and Yanai, Takeshi},
  doi		= {10.1063/1.3152576},
  issn		= {0021-9606, 1089-7690},
  journal	= {J. Chem. Phys.},
  month		= jun,
  number	= {23},
  pages		= {234114},
  title		= {{High-performance ab initio density matrix renormalization
		  group method: \{Applicability\} to large-scale
		  multireference problems for metal compounds}},
  url		= {http://scitation.aip.org/content/aip/journal/jcp/130/23/
		  10.1063/1.3152576},
  volume	= {130},
  year		= {2009}
}

@Article{	  kurashige_second-order_2011,
  author	= {Kurashige, Yuki and Yanai, Takeshi},
  doi		= {10.1063/1.3629454},
  issn		= {0021-9606, 1089-7690},
  journal	= {J. Chem. Phys.},
  month		= sep,
  number	= {9},
  pages		= {94104},
  title		= {{Second-order perturbation theory with a density matrix
		  renormalization group self-consistent field reference
		  function: \{Theory\} and application to the study of
		  chromium dimer}},
  url		= {http://scitation.aip.org/content/aip/journal/jcp/135/9/
		  10.1063/1.3629454},
  volume	= {135},
  year		= {2011}
}

@Article{	  lavrentiev_theoretical_1999,
  author	= {Lavrentiev, Mikhail Yu. and Barford, William and Martin,
		  Simon J and Daly, Helen and Bursill, Robert J},
  doi		= {10.1103/PhysRevB.59.9987},
  journal	= {Phys. Rev. B},
  month		= apr,
  number	= {15},
  pages		= {9987--9994},
  title		= {{Theoretical investigation of the low-lying electronic
		  structure of poly( \{$\backslash$textbackslash\}textbf\{
		  \{$\backslash$textbackslash\}textit\{p\} \} -phenylene vinylene)}},
  url		= {http://link.aps.org/doi/10.1103/PhysRevB.59.9987},
  volume	= {59},
  year		= {1999}
}

@Article{	  legeza_controlling_2003,
  author	= {Legeza, \"{O} and R\"{o}der, J and Hess, B A},
  doi		= {10.1103/PhysRevB.67.125114},
  journal	= {Phys. Rev. B},
  month		= mar,
  number	= {12},
  pages		= {125114},
  title		= {{Controlling the accuracy of the density-matrix
		  renormalization-group method: \{The\} dynamical block state
		  selection approach}},
  url		= {http://link.aps.org/doi/10.1103/PhysRevB.67.125114},
  volume	= {67},
  year		= {2003}
}

@Article{	  luo_optimizing_2010,
  author	= {Luo, H.-G. and Qin, M.-P. and Xiang, T},
  doi		= {10.1103/PhysRevB.81.235129},
  journal	= {Phys. Rev. B},
  month		= jun,
  number	= {23},
  pages		= {235129},
  title		= {{Optimizing \{Hartree\}-\{Fock\} orbitals by the
		  density-matrix renormalization group}},
  url		= {http://link.aps.org/doi/10.1103/PhysRevB.81.235129},
  volume	= {81},
  year		= {2010}
}

@Article{	  marti_density_2008,
  author	= {Marti, Konrad H and Ond\'{\i}k, Irina Malkin and Moritz,
		  Gerrit and Reiher, Markus},
  doi		= {10.1063/1.2805383},
  issn		= {0021-9606, 1089-7690},
  journal	= {J. Chem. Phys.},
  month		= jan,
  number	= {1},
  pages		= {14104},
  title		= {{Density matrix renormalization group calculations on
		  relative energies of transition metal complexes and
		  clusters}},
  url		= {http://scitation.aip.org/content/aip/journal/jcp/128/1/
		  10.1063/1.2805383},
  volume	= {128},
  year		= {2008}
}

@Article{	  marti_new_2011,
  author	= {Marti, Konrad H and Reiher, Markus},
  doi		= {10.1039/C0CP01883J},
  issn		= {1463-9084},
  journal	= {Phys. Chem. Chem. Phys.},
  month		= mar,
  number	= {15},
  pages		= {6750--6759},
  title		= {{New electron correlation theories for transition metal
		  chemistry}},
  url		= {http://pubs.rsc.org/en/content/articlelanding/2011/cp/
		  c0cp01883j},
  volume	= {13},
  year		= {2011}
}

@Article{	  marti_density_2010,
  author	= {Marti, Konrad Heinrich and Reiher, Markus},
  doi		= {10.1524/zpch.2010.6125},
  journal	= {Zeitschrift f\"{u}r Phys. Chemie Int. J. Res. Phys. Chem.
		  Chem. Phys.},
  number	= {3-4},
  pages		= {583--599},
  title		= {{The \{Density\} \{Matrix\} \{Renormalization\} \{Group\}
		  \{Algorithm\} in \{Quantum\} \{Chemistry\}}},
  url		= {http://www.degruyter.com/view/j/zpch.2010.224.issue-3-4/zpch.2010.6125/zpch.2010.6125.xml}
		  ,
  volume	= {224},
  year		= {2010}
}

@Article{	  moritz_decomposition_2007,
  author	= {Moritz, Gerrit and Reiher, Markus},
  doi		= {10.1063/1.2741527},
  issn		= {0021-9606, 1089-7690},
  journal	= {J. Chem. Phys.},
  month		= jun,
  number	= {24},
  pages		= {244109},
  title		= {{Decomposition of density matrix renormalization group
		  states into a \{Slater\} determinant basis}},
  url		= {http://scitation.aip.org/content/aip/journal/jcp/126/24/
		  10.1063/1.2741527},
  volume	= {126},
  year		= {2007}
}

@Article{	  muller_large-scale_2009,
  author	= {M\"{u}ller, Thomas},
  doi		= {10.1021/jp905254u},
  issn		= {1089-5639},
  journal	= {J. Phys. Chem. A},
  month		= nov,
  number	= {45},
  pages		= {12729--12740},
  title		= {{Large-\{Scale\} \{Parallel\} \{Uncontracted\}
		  \{Multireference\}-\{Averaged\} \{Quadratic\} \{Coupled\}
		  \{Cluster\}: \{The\} \{Ground\} \{State\} of the
		  \{Chromium\} \{Dimer\} \{Revisited\}†}},
  url		= {http://dx.doi.org/10.1021/jp905254u},
  volume	= {113},
  year		= {2009}
}

@Article{	  neese_orca_2012,
  author	= {Neese, Frank},
  doi		= {10.1002/wcms.81},
  issn		= {17590876},
  journal	= {Wiley Interdiscip. Rev. Comput. Mol. Sci.},
  month		= jan,
  number	= {1},
  pages		= {73--78},
  title		= {{The \{ORCA\} program system}},
  url		= {http://doi.wiley.com/10.1002/wcms.81},
  volume	= {2},
  year		= {2012}
}

@Article{	  neuscamman_review_2010,
  author	= {Neuscamman, Eric and Yanai, Takeshi and Chan, Garnet
		  Kin-Lic},
  doi		= {10.1080/01442351003620540},
  issn		= {0144-235X},
  journal	= {Int. Rev. Phys. Chem.},
  month		= apr,
  number	= {2},
  pages		= {231--271},
  title		= {{A review of canonical transformation theory}},
  url		= {http://dx.doi.org/10.1080/01442351003620540},
  volume	= {29},
  year		= {2010}
}

@Article{	  oliphant_multireference_1991,
  author	= {Oliphant, Nevin and Adamowicz, Ludwik},
  doi		= {10.1063/1.460031},
  issn		= {0021-9606, 1089-7690},
  journal	= {J. Chem. Phys.},
  month		= jan,
  number	= {2},
  pages		= {1229--1235},
  title		= {{Multireference coupled‐cluster method using a
		  single‐reference formalism}},
  url		= {http://scitation.aip.org/content/aip/journal/jcp/94/2/
		  10.1063/1.460031},
  volume	= {94},
  year		= {1991}
}

@Article{	  olivares-amaya_ab-initio_2015,
  author	= {Olivares-Amaya, Roberto and Hu, Weifeng and Nakatani,
		  Naoki and Sharma, Sandeep and Yang, Jun and Chan, Garnet
		  Kin-Lic},
  doi		= {10.1063/1.4905329},
  issn		= {0021-9606, 1089-7690},
  journal	= {J. Chem. Phys.},
  month		= jan,
  number	= {3},
  pages		= {34102},
  title		= {{The ab-initio density matrix renormalization group in
		  practice}},
  url		= {http://scitation.aip.org/content/aip/journal/jcp/142/3/
		  10.1063/1.4905329},
  volume	= {142},
  year		= {2015}
}

@Article{	  ostlund_thermodynamic_1995,
  author	= {\"{O}stlund, Stellan and Rommer, Stefan},
  doi		= {10.1103/PhysRevLett.75.3537},
  journal	= {Phys. Rev. Lett.},
  month		= nov,
  number	= {19},
  pages		= {3537--3540},
  title		= {{Thermodynamic \{Limit\} of \{Density\} \{Matrix\}
		  \{Renormalization\}}},
  url		= {http://link.aps.org/doi/10.1103/PhysRevLett.75.3537},
  volume	= {75},
  year		= {1995}
}

@Article{	  pipek_fast_1989,
  author	= {Pipek, J\'{a}nos and Mezey, Paul G},
  doi		= {10.1063/1.456588},
  issn		= {0021-9606, 1089-7690},
  journal	= {J. Chem. Phys.},
  month		= may,
  number	= {9},
  pages		= {4916--4926},
  title		= {{A fast intrinsic localization procedure applicable for
		  abinitio and semiempirical linear combination of atomic
		  orbital wave functions}},
  url		= {http://scitation.aip.org/content/aip/journal/jcp/90/9/
		  10.1063/1.456588},
  volume	= {90},
  year		= {1989}
}

@Article{	  rommer_class_1997,
  author	= {Rommer, Stefan and \"{O}stlund, Stellan},
  doi		= {10.1103/PhysRevB.55.2164},
  journal	= {Phys. Rev. B},
  month		= jan,
  number	= {4},
  pages		= {2164--2181},
  title		= {{Class of ansatz wave functions for one-dimensional spin
		  systems and their relation to the density matrix
		  renormalization group}},
  url		= {http://link.aps.org/doi/10.1103/PhysRevB.55.2164},
  volume	= {55},
  year		= {1997}
}

@Article{	  roos_ground_2003,
  author	= {Roos, Bj\"{o}rn O},
  doi		= {10.1135/cccc20030265},
  issn		= {0010-0765, 1212-6950},
  journal	= {Collect. Czechoslov. Chem. Commun.},
  number	= {2},
  pages		= {265--274},
  title		= {{The \{Ground\} \{State\} \{Potential\} for the
		  \{Chromium\} \{Dimer\} \{Revisited\}}},
  url		= {http://cccc.uochb.cas.cz/68/2/0265/},
  volume	= {68},
  year		= {2003}
}

@Article{	  roos_multiconfigurational_1995,
  author	= {Roos, Bj\"{o}rn O and Andersson, Kerstin},
  doi		= {10.1016/0009-2614(95)01010-7},
  issn		= {0009-2614},
  journal	= {Chem. Phys. Lett.},
  month		= oct,
  number	= {2–3},
  pages		= {215--223},
  title		= {{Multiconfigurational perturbation theory with level shift
		  — the \{Cr\}2 potential revisited}},
  url		= {http://www.sciencedirect.com/science/article/pii/
		  0009261495010107},
  volume	= {245},
  year		= {1995}
}

@inbook {  roos_multiconfigurational_1996,
title = {Multiconfigurational Perturbation Theory: Applications in Electronic Spectroscopy},
author = {Roos, Björn O and Andersson, Kerstin and Fülscher, Markus P and Malmqvist, Per-âke and Serrano-Andrés, Luis and Pierloot, Kristin and Merchán, Manuela},
author = {},
publisher = {John Wiley \& Sons, Inc.},
isbn = {9780470141526},
url = {http://dx.doi.org/10.1002/9780470141526.ch5},
doi = {10.1002/9780470141526.ch5},
pages = {219--331},
keywords = {zeroth-order hamiltonian, multistate CASPT2, spectroscopy, carbonyl ligands, Cr2 Molecule},
booktitle = {Advances in Chemical Physics},
year = {2007},
}

@Article{	  ruiperez_complete_2011,
  author	= {Ruip\'{e}rez, Fernando and Aquilante, Francesco and
		  Ugalde, Jesus M and Infante, Ivan},
  doi		= {10.1021/ct200048z},
  issn		= {1549-9618},
  journal	= {J. Chem. Theory Comput.},
  month		= jun,
  number	= {6},
  pages		= {1640--1646},
  title		= {{Complete vs \{Restricted\} \{Active\} \{Space\}
		  \{Perturbation\} \{Theory\} \{Calculation\} of the \{Cr\}2
		  \{Potential\} \{Energy\} \{Surface\}}},
  url		= {http://dx.doi.org/10.1021/ct200048z},
  volume	= {7},
  year		= {2011}
}

@Article{	  saha_investigation_2007,
  author	= {Saha, Biswajit and Ehara, Masahiro and Nakatsuji,
		  Hiroshi},
  doi		= {10.1021/jp068441d},
  issn		= {1089-5639},
  journal	= {J. Phys. Chem. A},
  month		= jun,
  number	= {25},
  pages		= {5473--5481},
  title		= {{Investigation of the \{Electronic\} \{Spectra\} and
		  \{Excited\}-\{State\} \{Geometries\} of
		  \{Poly\}(para-phenylene vinylene) (\{PPV\}) and
		  \{Poly\}(para-phenylene) (\{PP\}) by the
		  \{Symmetry\}-\{Adapted\} \{Cluster\} \{Configuration\}
		  \{Interaction\} (\{SAC\}-\{CI\}) \{Method\}}},
  url		= {http://dx.doi.org/10.1021/jp068441d},
  volume	= {111},
  year		= {2007}
}

@Article{	  saitow_fully_2015,
  author	= {Saitow, Masaaki and Kurashige, Yuki and Yanai, Takeshi},
  doi		= {10.1021/acs.jctc.5b00270},
  issn		= {1549-9618},
  journal	= {J. Chem. Theory Comput.},
  month		= nov,
  number	= {11},
  pages		= {5120--5131},
  title		= {{Fully \{Internally\} \{Contracted\} \{Multireference\}
		  \{Configuration\} \{Interaction\} \{Theory\} \{Using\}
		  \{Density\} \{Matrix\} \{Renormalization\} \{Group\}: \{A\}
		  \{Reduced\}-\{Scaling\} \{Implementation\} \{Derived\} by
		  \{Computer\}-\{Aided\} \{Tensor\} \{Factorization\}}},
  url		= {http://dx.doi.org/10.1021/acs.jctc.5b00270},
  volume	= {11},
  year		= {2015}
}

@Article{	  schollwock_density-matrix_2005,
  author	= {Schollw\"{o}ck, U},
  doi		= {10.1103/RevModPhys.77.259},
  journal	= {Rev. Mod. Phys.},
  month		= apr,
  number	= {1},
  pages		= {259--315},
  title		= {{The density-matrix renormalization group}},
  url		= {http://link.aps.org/doi/10.1103/RevModPhys.77.259},
  volume	= {77},
  year		= {2005}
}

@article{   schollwock_density-matrix_2011,
title = "The density-matrix renormalization group in the age of matrix product states ",
journal = "Annals of Physics ",
volume = "326",
number = "1",
pages = "96 - 192",
year = "2011",
note = "January 2011 Special Issue ",
issn = "0003-4916",
doi = "http://dx.doi.org/10.1016/j.aop.2010.09.012",
url = "http://www.sciencedirect.com/science/article/pii/S0003491610001752",
author = "Ulrich Schollwöck"
}

@Article{	  sharma_multireference_2015,
  author	= {Sharma, Sandeep and Alavi, Ali},
  doi		= {10.1063/1.4928643},
  issn		= {0021-9606, 1089-7690},
  journal	= {J. Chem. Phys.},
  month		= sep,
  number	= {10},
  pages		= {102815},
  title		= {{Multireference linearized coupled cluster theory for
		  strongly correlated systems using matrix product states}},
  url		= {http://scitation.aip.org/content/aip/journal/jcp/143/10/
		  10.1063/1.4928643},
  volume	= {143},
  year		= {2015}
}

@Article{	  sharma_spin-adapted_2012,
  author	= {Sharma, Sandeep and Chan, Garnet Kin-Lic},
  doi		= {10.1063/1.3695642},
  issn		= {0021-9606, 1089-7690},
  journal	= {J. Chem. Phys.},
  month		= mar,
  number	= {12},
  pages		= {124121},
  title		= {{Spin-adapted density matrix renormalization group
		  algorithms for quantum chemistry}},
  url		= {http://scitation.aip.org/content/aip/journal/jcp/136/12/
		  10.1063/1.3695642},
  volume	= {136},
  year		= {2012}
}

@Article{	  sharma_communication:_2014,
  author	= {Sharma, Sandeep and Chan, Garnet Kin-Lic},
  doi		= {10.1063/1.4895977},
  issn		= {0021-9606, 1089-7690},
  journal	= {J. Chem. Phys.},
  month		= sep,
  number	= {11},
  pages		= {111101},
  title		= {{Communication: \{A\} flexible multi-reference
		  perturbation theory by minimizing the \{Hylleraas\}
		  functional with matrix product states}},
  url		= {http://scitation.aip.org/content/aip/journal/jcp/141/11/
		  10.1063/1.4895977},
  volume	= {141},
  year		= {2014}
}

@Article{	  sharma_low-energy_2014,
  author	= {Sharma, Sandeep and Sivalingam, Kantharuban and Neese,
		  Frank and Chan, Garnet Kin-Lic},
  doi		= {10.1038/nchem.2041},
  issn		= {1755-4330},
  journal	= {Nat. Chem.},
  month		= oct,
  number	= {10},
  pages		= {927--933},
  title		= {{Low-energy spectrum of iron–sulfur clusters directly
		  from many-particle quantum mechanics}},
  url		= {http://www.nature.com/nchem/journal/v6/n10/full/
		  nchem.2041.html},
  volume	= {6},
  year		= {2014}
}

@Article{	  shukla_correlated_2002,
  author	= {Shukla, Alok},
  doi		= {10.1103/PhysRevB.65.125204},
  journal	= {Phys. Rev. B},
  month		= mar,
  number	= {12},
  pages		= {125204},
  title		= {{Correlated theory of triplet photoinduced absorption in
		  phenylene-vinylene chains}},
  url		= {http://link.aps.org/doi/10.1103/PhysRevB.65.125204},
  volume	= {65},
  year		= {2002}
}

@Article{	  su_bond_1993,
  author	= {Su, Chen-Xing and Hales, David A and Armentrout, P B},
  doi		= {10.1016/0009-2614(93)85056-T},
  issn		= {0009-2614},
  journal	= {Chem. Phys. Lett.},
  month		= jan,
  number	= {1},
  pages		= {199--204},
  title		= {{The bond energies of \{Cr\}2 and \{Cr\}+2}},
  url		= {http://www.sciencedirect.com/science/article/pii/
		  000926149385056T},
  volume	= {201},
  year		= {1993}
}

@Article{	  tatsuaki_interaction-round--face_2000,
  author	= {Tatsuaki, Wada},
  doi		= {10.1103/PhysRevE.61.3199},
  journal	= {Phys. Rev. E},
  month		= mar,
  number	= {3},
  pages		= {3199--3206},
  title		= {{Interaction-round-a-face density-matrix
		  renormalization-group method applied to
		  rotational-invariant quantum spin chains}},
  url		= {http://link.aps.org/doi/10.1103/PhysRevE.61.3199},
  volume	= {61},
  year		= {2000}
}

@Article{	  verstraete_matrix_2008,
  author	= {Verstraete, F and Murg, V and Cirac, J I},
  doi		= {10.1080/14789940801912366},
  issn		= {0001-8732},
  journal	= {Adv. Phys.},
  month		= mar,
  number	= {2},
  pages		= {143--224},
  title		= {{Matrix product states, projected entangled pair states,
		  and variational renormalization group methods for quantum
		  spin systems}},
  url		= {http://dx.doi.org/10.1080/14789940801912366},
  volume	= {57},
  year		= {2008}
}

@Article{	  white_density_1992,
  author	= {White, Steven R},
  doi		= {10.1103/PhysRevLett.69.2863},
  journal	= {Phys. Rev. Lett.},
  month		= nov,
  number	= {19},
  pages		= {2863--2866},
  title		= {{Density matrix formulation for quantum renormalization
		  groups}},
  url		= {http://link.aps.org/doi/10.1103/PhysRevLett.69.2863},
  volume	= {69},
  year		= {1992}
}

@Article{	  white_density-matrix_1993,
  author	= {White, Steven R},
  doi		= {10.1103/PhysRevB.48.10345},
  journal	= {Phys. Rev. B},
  month		= oct,
  number	= {14},
  pages		= {10345--10356},
  title		= {{Density-matrix algorithms for quantum renormalization
		  groups}},
  url		= {http://link.aps.org/doi/10.1103/PhysRevB.48.10345},
  volume	= {48},
  year		= {1993}
}

@Article{	  white_ab_1999,
  author	= {White, Steven R and Martin, Richard L},
  doi		= {10.1063/1.478295},
  issn		= {0021-9606, 1089-7690},
  journal	= {J. Chem. Phys.},
  keywords	= { Coupled cluster, Renormalization,Configuration
		  interaction},
  month		= mar,
  number	= {9},
  pages		= {4127--4130},
  title		= {{Ab initio quantum chemistry using the density matrix
		  renormalization group}},
  url		= {http://scitation.aip.org/content/aip/journal/jcp/110/9/10.1063/1.478295}
		  ,
  volume	= {110},
  year		= {1999}
}

@Article{	  wouters_communication:_2014,
  author	= {Wouters, Sebastian and Bogaerts, Thomas and Voort, Pascal
		  Van Der and Speybroeck, Veronique Van and Neck, Dimitri
		  Van},
  doi		= {10.1063/1.4885815},
  issn		= {0021-9606, 1089-7690},
  journal	= {J. Chem. Phys.},
  month		= jun,
  number	= {24},
  pages		= {241103},
  title		= {{Communication: \{DMRG\}-\{SCF\} study of the singlet,
		  triplet, and quintet states of oxo-\{Mn\}(\{Salen\})}},
  url		= {http://scitation.aip.org/content/aip/journal/jcp/140/24/
		  10.1063/1.4885815},
  volume	= {140},
  year		= {2014}
}

@Article{	  wouters_longitudinal_2012,
  author	= {Wouters, Sebastian and Limacher, Peter A and Neck, Dimitri
		  Van and Ayers, Paul W},
  doi		= {10.1063/1.3700087},
  issn		= {0021-9606, 1089-7690},
  journal	= {J. Chem. Phys.},
  month		= apr,
  number	= {13},
  pages		= {134110},
  title		= {{Longitudinal static optical properties of hydrogen
		  chains: \{Finite\} field extrapolations of matrix product
		  state calculations}},
  url		= {http://scitation.aip.org/content/aip/journal/jcp/136/13/
		  10.1063/1.3700087},
  volume	= {136},
  year		= {2012}
}

@Article{	  wouters_thouless_2013,
  author	= {Wouters, Sebastian and Nakatani, Naoki and {Van Neck},
		  Dimitri and Chan, Garnet Kin-Lic},
  doi		= {10.1103/PhysRevB.88.075122},
  journal	= {Phys. Rev. B},
  month		= aug,
  number	= {7},
  pages		= {75122},
  title		= {{Thouless theorem for matrix product states and subsequent
		  post density matrix renormalization group methods}},
  url		= {http://link.aps.org/doi/10.1103/PhysRevB.88.075122},
  volume	= {88},
  year		= {2013}
}

@article{ yang_ab_2014,
  author = {Yang, Jun and Hu, Weifeng and Usvyat, Denis and Matthews, Devin and Schütz, Martin and Chan, Garnet Kin-Lic}, 
  title = {Ab initio determination of the crystalline benzene lattice energy to sub-kilojoule/mole accuracy},
  volume = {345}, 
  number = {6197}, 
  pages = {640-643}, 
  year = {2014}, 
  doi = {10.1126/science.1254419}, 
  journal = {Science} 
}

@Article{	  zgid_spin_2008,
  author	= {Zgid, Dominika and Nooijen, Marcel},
  doi		= {10.1063/1.2814150},
  issn		= {0021-9606, 1089-7690},
  journal	= {J. Chem. Phys.},
  month		= jan,
  number	= {1},
  pages		= {14107},
  title		= {{On the spin and symmetry adaptation of the density matrix
		  renormalization group method}},
  url		= {http://scitation.aip.org/content/aip/journal/jcp/128/1/
		  10.1063/1.2814150},
  volume	= {128},
  year		= {2008}
}

@Article{	  zgid_obtaining_2008,
  author	= {Zgid, Dominika and Nooijen, Marcel},
  doi		= {10.1063/1.2883980},
  issn		= {0021-9606, 1089-7690},
  journal	= {J. Chem. Phys.},
  month		= apr,
  number	= {14},
  pages		= {144115},
  title		= {{Obtaining the two-body density matrix in the density
		  matrix renormalization group method}},
  url		= {http://scitation.aip.org/content/aip/journal/jcp/128/14/
		  10.1063/1.2883980},
  volume	= {128},
  year		= {2008}
}

@Misc{		  revtex41control,
  title		= {{No Title}}
}

@Misc{		  aip41control,
  pages		= {0},
  title		= {{No Title}}
}

@article{ purwanto_auxiliary-field_2015,
   author = "Purwanto, Wirawan and Zhang, Shiwei and Krakauer, Henry",
   title = "An auxiliary-field quantum Monte Carlo study of the chromium dimer",
   journal	= {J. Chem. Phys.},
   year = "2015",
   volume = "142",
   number = "6", 
   eid = 064302,
   pages = "",
   url = "http://scitation.aip.org/content/aip/journal/jcp/142/6/10.1063/1.4906829",
}

@misc{ sun_pyscf,
    author = {Qiming Sun},
    title = {\url{http://http://sunqm.github.io/pyscf}},
    howpublished = "",
}
